<record><leader>00000cas a2200000 a 4500</leader><controlfield tag="001">30787631</controlfield><controlfield tag="008">940718d19211926iludn ne      0    0eng c</controlfield><datafield ind1=" " ind2=" " tag="010"><subfield code="a">sn 94054424 </subfield></datafield><datafield ind1=" " ind2=" " tag="040"><subfield code="a">NVF</subfield><subfield code="b">eng</subfield><subfield code="c">NVF</subfield><subfield code="d">CVF</subfield><subfield code="d">NVF</subfield><subfield code="d">OCLCQ</subfield><subfield code="d">OCLCF</subfield><subfield code="d">OCLCO</subfield></datafield><datafield ind1="1" ind2=" " tag="029"><subfield code="a">AU@</subfield><subfield code="b">000025880107</subfield></datafield><datafield ind1=" " ind2=" " tag="042"><subfield code="a">pcc</subfield></datafield><datafield ind1=" " ind2=" " tag="043"><subfield code="a">n-us-il</subfield></datafield><datafield ind1="0" ind2=" " tag="130"><subfield code="a">Woodstock daily sentinel (Woodstock, Ill. : 1921)</subfield></datafield><datafield ind1="1" ind2="0" tag="245"><subfield code="a">Woodstock daily sentinel.</subfield></datafield><datafield ind1=" " ind2=" " tag="260"><subfield code="a">Woodstock, Ill. :</subfield><subfield code="b">Woodstock Sentinel Co.,</subfield><subfield code="c">1921-1926.</subfield></datafield><datafield ind1=" " ind2=" " tag="300"><subfield code="a">v.</subfield></datafield><datafield ind1=" " ind2=" " tag="310"><subfield code="a">Daily (except Sunday)</subfield></datafield><datafield ind1="0" ind2=" " tag="362"><subfield code="a">Vol. 1, no. 1 (Aug. 23, 1921)-v. 6, no. 3 (July 3, 1926).</subfield></datafield><datafield ind1=" " ind2=" " tag="580"><subfield code="a">Weekly ed.: Woodstock sentinel.</subfield></datafield><datafield ind1=" " ind2=" " tag="580"><subfield code="a">Merged with: Woodstock American, to form: Woodstock daily sentinel and Woodstock American.</subfield></datafield><datafield ind1=" " ind2="0" tag="651"><subfield code="a">Woodstock (Ill.)</subfield><subfield code="v">Newspapers.</subfield></datafield><datafield ind1=" " ind2="7" tag="655"><subfield code="a">Newspapers.</subfield><subfield code="2">fast</subfield><subfield code="0">(OCoLC)fst01423814</subfield></datafield><datafield ind1=" " ind2="7" tag="651"><subfield code="a">Illinois</subfield><subfield code="z">Woodstock.</subfield><subfield code="2">fast</subfield><subfield code="0">(OCoLC)fst01217888</subfield></datafield><datafield ind1=" " ind2=" " tag="752"><subfield code="a">United States</subfield><subfield code="b">Illinois</subfield><subfield code="c">McHenry</subfield><subfield code="d">Woodstock.</subfield></datafield><datafield ind1="1" ind2=" " tag="775"><subfield code="t">Woodstock sentinel</subfield><subfield code="w">(DLC)sn 85038349</subfield><subfield code="w">(OCoLC)12309053</subfield></datafield><datafield ind1="1" ind2="7" tag="785"><subfield code="t">Woodstock American</subfield><subfield code="w">(DLC)sn 94054425</subfield><subfield code="w">(OCoLC)30787656</subfield></datafield><datafield ind1="1" ind2="7" tag="785"><subfield code="t">Woodstock daily sentinel and Woodstock American</subfield><subfield code="w">(DLC)sn 94054426</subfield><subfield code="w">(OCoLC)30787675</subfield></datafield></record>